<record><leader>00000cas a2200000 a 4500</leader><controlfield tag="001">23828528</controlfield><controlfield tag="007">hd afb---baca</controlfield><controlfield tag="008">910524d184918uucauwr n a     0    0spa c</controlfield><datafield ind1=" " ind2=" " tag="010"><subfield code="a">sn 91037228 </subfield></datafield><datafield ind1=" " ind2=" " tag="040"><subfield code="a">PIT</subfield><subfield code="b">eng</subfield><subfield code="c">PIT</subfield><subfield code="d">OCLCQ</subfield><subfield code="d">UKMGB</subfield><subfield code="d">OCLCQ</subfield><subfield code="d">CRL</subfield><subfield code="d">OCLCQ</subfield></datafield><datafield ind1=" " ind2=" " tag="012"><subfield code="i">9105</subfield></datafield><datafield ind1="7" ind2=" " tag="016"><subfield code="a">013931680</subfield><subfield code="2">Uk</subfield></datafield><datafield ind1=" " ind2=" " tag="042"><subfield code="a">pcc</subfield></datafield><datafield ind1=" " ind2=" " tag="043"><subfield code="a">s-ck---</subfield></datafield><datafield ind1="0" ind2=" " tag="130"><subfield code="a">Civilizacio&#769;n (Bogota, Colombia)</subfield></datafield><datafield ind1="1" ind2="3" tag="245"><subfield code="a">La Civilizacio&#769;n.</subfield></datafield><datafield ind1=" " ind2=" " tag="260"><subfield code="a">Bogota :</subfield><subfield code="b">El Dia,</subfield><subfield code="c">1849-</subfield></datafield><datafield ind1=" " ind2=" " tag="300"><subfield code="a">volumes</subfield></datafield><datafield ind1=" " ind2=" " tag="310"><subfield code="a">Weekly</subfield></datafield><datafield ind1=" " ind2=" " tag="336"><subfield code="a">text</subfield><subfield code="b">txt</subfield><subfield code="2">rdacontent</subfield></datafield><datafield ind1=" " ind2=" " tag="337"><subfield code="a">microform</subfield><subfield code="b">h</subfield><subfield code="2">rdamedia</subfield></datafield><datafield ind1=" " ind2=" " tag="338"><subfield code="a">microfilm reel</subfield><subfield code="b">hd</subfield><subfield code="2">rdacarrier</subfield></datafield><datafield ind1="0" ind2=" " tag="362"><subfield code="a">Trimestre 1, no. 1 (9 de agosto de 1849)-</subfield></datafield><datafield ind1=" " ind2=" " tag="500"><subfield code="a">Originals from the British Museum Newspaper Library, Colindale.</subfield></datafield><datafield ind1=" " ind2=" " tag="588"><subfield code="a">Latest issue consulted: Trimestre 8, no. 97 (12 de jun. de 1851).</subfield></datafield><datafield ind1=" " ind2=" " tag="533"><subfield code="a">Microfilm.</subfield><subfield code="b">Berkeley :</subfield><subfield code="c">Microfilmed by Bancroft Library, University of California,</subfield><subfield code="d">1953-</subfield><subfield code="e">microfilm reels ; 35 mm.</subfield></datafield><datafield ind1=" " ind2=" " tag="752"><subfield code="a">Colombia</subfield><subfield code="d">Bogota.</subfield></datafield><datafield ind1="0" ind2="8" tag="776"><subfield code="i">Online version:</subfield><subfield code="t">Civilizacio&#769;n (Bogota, Colombia)</subfield><subfield code="w">(DLC)  2013225233</subfield><subfield code="w">(OCoLC)842142056</subfield></datafield><datafield ind1=" " ind2=" " tag="850"><subfield code="a">PPiU</subfield></datafield><datafield ind1="1" ind2=" " tag="029"><subfield code="a">AU@</subfield><subfield code="b">000020657857</subfield></datafield></record>